@misc{steam_concurrent,
	title = {Steam passes 14 million concurrent users},
	author = {Paget, Mat},
	editor = {PC Gamer},
	howpublished = "\url{http://www.pcgamer.com/steam-passes-14-million-concurrent-users-for-first-time-ever/}",
	year = {2017},
	note = "[Online; accessed 20-February-2017]"	
}

@misc{steam_games_2016,
	title = {New games on Steam in 2016 rose 40 percent over last year},
	author = {Handrahan, Matthew},
	editor = {Gameindustry.biz},
	howpublished = "\url{http://www.gamesindustry.biz/articles/2016-12-01-new-games-on-steam-up-40-percent-over-last-year}",
	year = {2017},
	note = "[Online; accessed 20-February-2017]"
}

@misc{steamspy_home,
	howpublished = "\url{http://www.steamspy.com}",
	note = "[Online; access 20-February-2017]"
}